<collection xmlns="http://www.loc.gov/MARC21/slim">
<record>
  <leader>01408nam0a2200265 i 450 </leader>
  <controlfield tag="001">IT\ICCU\CNCE\059287</controlfield>
  <controlfield tag="005">20160325000000.0</controlfield>
  <datafield tag="012" ind1=" " ind2=" ">
    <subfield code="a">e-ua dear elre e.re (C) 1577 (A)</subfield>
    <subfield code="2">fei</subfield>
  </datafield>
  <datafield tag="100" ind1=" " ind2=" ">
    <subfield code="a">20040929d1577        0itac0103    ba</subfield>
  </datafield>
  <datafield tag="101" ind1=" " ind2=" ">
    <subfield code="a">ITA</subfield>
  </datafield>
  <datafield tag="102" ind1=" " ind2=" ">
    <subfield code="a">IT</subfield>
  </datafield>
  <datafield tag="200" ind1="1" ind2=" ">
    <subfield code="a">Descrittione dell&apos;apparato delle stanze del palazzo de&apos;Pitti in Fiorenza, nelle queli fu alloggiato dal gran duca di Toscana, Francesco de&apos;Medici, il clarissimo sig. Andrea Gussoni, ambasciatore, mandato dal serenissimo &amp; illustrissimo principe, e senatodi Venetia, a sua altezza: raccolta da Alessandro Pezzano bolognese</subfield>
  </datafield>
  <datafield tag="210" ind1=" " ind2=" ">
    <subfield code="a">In Venetia</subfield>
    <subfield code="c">appresso Gratioso Perchacino</subfield>
    <subfield code="d">1577</subfield>
  </datafield>
  <datafield tag="215" ind1=" " ind2=" ">
    <subfield code="a">\8! c.</subfield>
    <subfield code="d">4ʻ</subfield>
  </datafield>
  <datafield tag="620" ind1=" " ind2=" ">
    <subfield code="a">IT</subfield>
    <subfield code="d">Venezia</subfield>
  </datafield>
  <datafield tag="700" ind1=" " ind2="1">
    <subfield code="a">Pezzano,</subfield>
    <subfield code="b">Alessandro</subfield>
    <subfield code="3">IT\ICCU\CNCA\018119</subfield>
  </datafield>
  <datafield tag="712" ind1="0" ind2="0">
    <subfield code="a">Percacino, Grazioso</subfield>
    <subfield code="3">IT\ICCU\CNCT\000435</subfield>
    <subfield code="4">650</subfield>
  </datafield>
  <datafield tag="791" ind1="0" ind2="0">
    <subfield code="a">Perchacinus, Gratiosus</subfield>
    <subfield code="3">IT\ICCU\CNCT\002488</subfield>
    <subfield code="z">Percacino, Grazioso</subfield>
  </datafield>
  <datafield tag="791" ind1="0" ind2="0">
    <subfield code="a">Perchacino, Gratioso</subfield>
    <subfield code="3">IT\ICCU\CNCT\005369</subfield>
    <subfield code="z">Percacino, Grazioso</subfield>
  </datafield>
  <datafield tag="791" ind1="0" ind2="0">
    <subfield code="a">Percaccino, Gratioso</subfield>
    <subfield code="3">IT\ICCU\CNCT\005370</subfield>
    <subfield code="z">Percacino, Grazioso</subfield>
  </datafield>
  <datafield tag="801" ind1=" " ind2="3">
    <subfield code="a">IT</subfield>
    <subfield code="b">ICCU</subfield>
    <subfield code="c">20201115</subfield>
  </datafield>
  <datafield tag="899" ind1=" " ind2=" ">
    <subfield code="a">Biblioteca civica A. Mai. Bergamo</subfield>
    <subfield code="1">BG0026</subfield>
    <subfield code="2">LO1 02</subfield>
  </datafield>
  <datafield tag="899" ind1=" " ind2=" ">
    <subfield code="a">Biblioteca nazionale Marciana. Venezia</subfield>
    <subfield code="1">VE0049</subfield>
    <subfield code="2">VEA BM</subfield>
  </datafield>
  <datafield tag="911" ind1=" " ind2=" ">
    <subfield code="a">Sul front.</subfield>
    <subfield code="9">IT\ICCU\CNCM\001068</subfield>
  </datafield>
  <datafield tag="921" ind1=" " ind2=" ">
    <subfield code="a">IT\ICCU\CNCM\001068</subfield>
    <subfield code="b">Serpente alato attorcigliato a un bastone</subfield>
    <subfield code="e">Salus vitae</subfield>
    <subfield code="c">A140</subfield>
    <subfield code="d">Dimensioni: 5 x 6</subfield>
    <subfield code="f">SALUSVITAE</subfield>
    <subfield code="g">1568-1600</subfield>
  </datafield>
</record>
</collection>
